%YAML 1.1
%TAG !u! tag:unity3d.com,2011:
--- !u!1 &254496094683775660
GameObject:
  m_ObjectHideFlags: 0
  m_CorrespondingSourceObject: {fileID: 0}
  m_PrefabInstance: {fileID: 0}
  m_PrefabAsset: {fileID: 0}
  serializedVersion: 6
  m_Component:
  - component: {fileID: 6721965378956090435}
  - component: {fileID: 6340726478909730062}
  - component: {fileID: 1184840406079870606}
  - component: {fileID: 8873703147897021386}
  m_Layer: 0
  m_Name: DieCollider
  m_TagString: Untagged
  m_Icon: {fileID: 0}
  m_NavMeshLayer: 0
  m_StaticEditorFlags: 0
  m_IsActive: 0
--- !u!4 &6721965378956090435
Transform:
  m_ObjectHideFlags: 0
  m_CorrespondingSourceObject: {fileID: 0}
  m_PrefabInstance: {fileID: 0}
  m_PrefabAsset: {fileID: 0}
  m_GameObject: {fileID: 254496094683775660}
  m_LocalRotation: {x: 0.63911486, y: -0.0902749, z: 0.09932253, w: 0.7573095}
  m_LocalPosition: {x: 0, y: 0, z: 0}
  m_LocalScale: {x: 0, y: 0, z: 0}
  m_Children: []
  m_Father: {fileID: 1292641401391874997}
  m_RootOrder: 3
  m_LocalEulerAnglesHint: {x: 80.384, y: -3.3550003, z: 12.109}
--- !u!114 &6340726478909730062
MonoBehaviour:
  m_ObjectHideFlags: 0
  m_CorrespondingSourceObject: {fileID: 0}
  m_PrefabInstance: {fileID: 0}
  m_PrefabAsset: {fileID: 0}
  m_GameObject: {fileID: 254496094683775660}
  m_Enabled: 1
  m_EditorHideFlags: 0
  m_Script: {fileID: 11500000, guid: 4d0390bd8b8ffd640b34fe25065ff1df, type: 3}
  m_Name: 
  m_EditorClassIdentifier: 
  updateType: 0
  isSpeedBased: 0
  hasOnStart: 0
  hasOnPlay: 0
  hasOnUpdate: 0
  hasOnStepComplete: 0
  hasOnComplete: 0
  hasOnTweenCreated: 0
  hasOnRewind: 0
  onStart:
    m_PersistentCalls:
      m_Calls: []
  onPlay:
    m_PersistentCalls:
      m_Calls: []
  onUpdate:
    m_PersistentCalls:
      m_Calls: []
  onStepComplete:
    m_PersistentCalls:
      m_Calls: []
  onComplete:
    m_PersistentCalls:
      m_Calls: []
  onTweenCreated:
    m_PersistentCalls:
      m_Calls: []
  onRewind:
    m_PersistentCalls:
      m_Calls: []
  delay: 0
  duration: 1
  easeType: 1
  easeCurve:
    serializedVersion: 2
    m_Curve:
    - serializedVersion: 3
      time: 0
      value: 0
      inSlope: 0
      outSlope: 0
      tangentMode: 0
      weightedMode: 0
      inWeight: 0
      outWeight: 0
    - serializedVersion: 3
      time: 1
      value: 1
      inSlope: 0
      outSlope: 0
      tangentMode: 0
      weightedMode: 0
      inWeight: 0
      outWeight: 0
    m_PreInfinity: 2
    m_PostInfinity: 2
    m_RotationOrder: 4
  loopType: 0
  loops: 1
  id: 
  isRelative: 0
  isFrom: 0
  isIndependentUpdate: 0
  autoKill: 1
  isActive: 1
  isValid: 1
  target: {fileID: 6721965378956090435}
  animationType: 2
  targetType: 11
  forcedTargetType: 0
  autoPlay: 1
  useTargetAsV3: 0
  endValueFloat: 0
  endValueV3: {x: 0.2329998, y: -0.133, z: -0.8160019}
  endValueV2: {x: 0, y: 0}
  endValueColor: {r: 1, g: 1, b: 1, a: 1}
  endValueString: 
  endValueRect:
    serializedVersion: 2
    x: 0
    y: 0
    width: 0
    height: 0
  endValueTransform: {fileID: 0}
  optionalBool0: 0
  optionalFloat0: 0
  optionalInt0: 0
  optionalRotationMode: 0
  optionalScrambleMode: 0
  optionalString: 
--- !u!114 &1184840406079870606
MonoBehaviour:
  m_ObjectHideFlags: 0
  m_CorrespondingSourceObject: {fileID: 0}
  m_PrefabInstance: {fileID: 0}
  m_PrefabAsset: {fileID: 0}
  m_GameObject: {fileID: 254496094683775660}
  m_Enabled: 1
  m_EditorHideFlags: 0
  m_Script: {fileID: 11500000, guid: 4d0390bd8b8ffd640b34fe25065ff1df, type: 3}
  m_Name: 
  m_EditorClassIdentifier: 
  updateType: 0
  isSpeedBased: 0
  hasOnStart: 0
  hasOnPlay: 0
  hasOnUpdate: 0
  hasOnStepComplete: 0
  hasOnComplete: 0
  hasOnTweenCreated: 0
  hasOnRewind: 0
  onStart:
    m_PersistentCalls:
      m_Calls: []
  onPlay:
    m_PersistentCalls:
      m_Calls: []
  onUpdate:
    m_PersistentCalls:
      m_Calls: []
  onStepComplete:
    m_PersistentCalls:
      m_Calls: []
  onComplete:
    m_PersistentCalls:
      m_Calls: []
  onTweenCreated:
    m_PersistentCalls:
      m_Calls: []
  onRewind:
    m_PersistentCalls:
      m_Calls: []
  delay: 0
  duration: 1
  easeType: 6
  easeCurve:
    serializedVersion: 2
    m_Curve:
    - serializedVersion: 3
      time: 0
      value: 0
      inSlope: 0
      outSlope: 0
      tangentMode: 0
      weightedMode: 0
      inWeight: 0
      outWeight: 0
    - serializedVersion: 3
      time: 1
      value: 1
      inSlope: 0
      outSlope: 0
      tangentMode: 0
      weightedMode: 0
      inWeight: 0
      outWeight: 0
    m_PreInfinity: 2
    m_PostInfinity: 2
    m_RotationOrder: 4
  loopType: 0
  loops: 1
  id: 
  isRelative: 0
  isFrom: 0
  isIndependentUpdate: 0
  autoKill: 1
  isActive: 1
  isValid: 1
  target: {fileID: 6721965378956090435}
  animationType: 5
  targetType: 11
  forcedTargetType: 0
  autoPlay: 1
  useTargetAsV3: 0
  endValueFloat: 1
  endValueV3: {x: 0, y: 0, z: 0}
  endValueV2: {x: 0, y: 0}
  endValueColor: {r: 1, g: 1, b: 1, a: 1}
  endValueString: 
  endValueRect:
    serializedVersion: 2
    x: 0
    y: 0
    width: 0
    height: 0
  endValueTransform: {fileID: 0}
  optionalBool0: 1
  optionalFloat0: 0
  optionalInt0: 0
  optionalRotationMode: 0
  optionalScrambleMode: 0
  optionalString: 
--- !u!136 &8873703147897021386
CapsuleCollider:
  m_ObjectHideFlags: 0
  m_CorrespondingSourceObject: {fileID: 0}
  m_PrefabInstance: {fileID: 0}
  m_PrefabAsset: {fileID: 0}
  m_GameObject: {fileID: 254496094683775660}
  m_Material: {fileID: 0}
  m_IsTrigger: 0
  m_Enabled: 1
  m_Radius: 0.55
  m_Height: 2.3422053
  m_Direction: 1
  m_Center: {x: 0, y: 0, z: 0}
--- !u!1 &1292641399457317538
GameObject:
  m_ObjectHideFlags: 0
  m_CorrespondingSourceObject: {fileID: 0}
  m_PrefabInstance: {fileID: 0}
  m_PrefabAsset: {fileID: 0}
  serializedVersion: 6
  m_Component:
  - component: {fileID: 1292641399457317537}
  m_Layer: 0
  m_Name: Audio
  m_TagString: Untagged
  m_Icon: {fileID: 0}
  m_NavMeshLayer: 0
  m_StaticEditorFlags: 0
  m_IsActive: 1
--- !u!4 &1292641399457317537
Transform:
  m_ObjectHideFlags: 0
  m_CorrespondingSourceObject: {fileID: 0}
  m_PrefabInstance: {fileID: 0}
  m_PrefabAsset: {fileID: 0}
  m_GameObject: {fileID: 1292641399457317538}
  m_LocalRotation: {x: 0, y: 0, z: 0, w: 1}
  m_LocalPosition: {x: 0, y: 0, z: 0}
  m_LocalScale: {x: 1, y: 1, z: 1}
  m_Children:
  - {fileID: 4067749647960680726}
  - {fileID: 4884326328474389252}
  m_Father: {fileID: 1292641401391874997}
  m_RootOrder: 0
  m_LocalEulerAnglesHint: {x: 0, y: 0, z: 0}
--- !u!1 &1292641401391874998
GameObject:
  m_ObjectHideFlags: 0
  m_CorrespondingSourceObject: {fileID: 0}
  m_PrefabInstance: {fileID: 0}
  m_PrefabAsset: {fileID: 0}
  serializedVersion: 6
  m_Component:
  - component: {fileID: 1292641401391874997}
  - component: {fileID: 1292641401391874992}
  - component: {fileID: 1292641401391874993}
  - component: {fileID: 1292641401391874994}
  m_Layer: 0
  m_Name: AI_Player
  m_TagString: Untagged
  m_Icon: {fileID: 0}
  m_NavMeshLayer: 0
  m_StaticEditorFlags: 0
  m_IsActive: 1
--- !u!4 &1292641401391874997
Transform:
  m_ObjectHideFlags: 0
  m_CorrespondingSourceObject: {fileID: 0}
  m_PrefabInstance: {fileID: 0}
  m_PrefabAsset: {fileID: 0}
  m_GameObject: {fileID: 1292641401391874998}
  m_LocalRotation: {x: 0, y: 0, z: 0, w: 1}
  m_LocalPosition: {x: 0, y: 0, z: -105.2}
  m_LocalScale: {x: 1, y: 1, z: 1}
  m_Children:
  - {fileID: 1292641399457317537}
  - {fileID: 3698281444922805793}
  - {fileID: 4609512914573960617}
  - {fileID: 6721965378956090435}
  m_Father: {fileID: 0}
  m_RootOrder: 0
  m_LocalEulerAnglesHint: {x: 0, y: 0, z: 0}
--- !u!114 &1292641401391874992
MonoBehaviour:
  m_ObjectHideFlags: 0
  m_CorrespondingSourceObject: {fileID: 0}
  m_PrefabInstance: {fileID: 0}
  m_PrefabAsset: {fileID: 0}
  m_GameObject: {fileID: 1292641401391874998}
  m_Enabled: 1
  m_EditorHideFlags: 0
  m_Script: {fileID: 11500000, guid: df77767546cfbe04cba36625e2840f78, type: 3}
  m_Name: 
  m_EditorClassIdentifier: 
  idChar: 0
  idMaterial: 0
  color: {r: 0, g: 0, b: 0, a: 0}
  top: 0
  idPose: 0
  list_IDPose: 
  isDie: 0
  isWin: 0
  ani: 1
  ani_Apply: 0
  animator: {fileID: 6762415014887187291}
  tran_Rotate: {fileID: 3698281444922805793}
  rigid: {fileID: 1292641401391874994}
  myCollider: {fileID: 1292641401391874993}
  effectBlood: {fileID: 4609512914574213751}
  audio_Die: {fileID: 3577192940694591179}
  audio_Run: {fileID: 404287920245928033}
  dieCollider: {fileID: 8873703147897021386}
  m_Ragdoll: {fileID: 8514155905901880659}
  bodyColliderScript_Head: {fileID: 7762612808441383039}
  myPlayer: {fileID: 0}
  AIPlayer: {fileID: 1292641401391874992}
  charState: 0
  timeRun_AI: 0
  timeIdle_AI: 0
  timeMove: 0
  randomForwardMax: 0
--- !u!136 &1292641401391874993
CapsuleCollider:
  m_ObjectHideFlags: 0
  m_CorrespondingSourceObject: {fileID: 0}
  m_PrefabInstance: {fileID: 0}
  m_PrefabAsset: {fileID: 0}
  m_GameObject: {fileID: 1292641401391874998}
  m_Material: {fileID: 0}
  m_IsTrigger: 0
  m_Enabled: 1
  m_Radius: 0.35
  m_Height: 2.4
  m_Direction: 1
  m_Center: {x: 0, y: 1.2, z: 0}
--- !u!54 &1292641401391874994
Rigidbody:
  m_ObjectHideFlags: 0
  m_CorrespondingSourceObject: {fileID: 0}
  m_PrefabInstance: {fileID: 0}
  m_PrefabAsset: {fileID: 0}
  m_GameObject: {fileID: 1292641401391874998}
  serializedVersion: 2
  m_Mass: 30
  m_Drag: 2.5
  m_AngularDrag: 0.05
  m_UseGravity: 1
  m_IsKinematic: 0
  m_Interpolate: 2
  m_Constraints: 112
  m_CollisionDetection: 1
--- !u!1 &4067749647960680721
GameObject:
  m_ObjectHideFlags: 0
  m_CorrespondingSourceObject: {fileID: 0}
  m_PrefabInstance: {fileID: 0}
  m_PrefabAsset: {fileID: 0}
  serializedVersion: 6
  m_Component:
  - component: {fileID: 4067749647960680726}
  - component: {fileID: 3577192940694591179}
  - component: {fileID: 4067749647960680727}
  m_Layer: 0
  m_Name: audio_Die
  m_TagString: Untagged
  m_Icon: {fileID: 0}
  m_NavMeshLayer: 0
  m_StaticEditorFlags: 0
  m_IsActive: 1
--- !u!4 &4067749647960680726
Transform:
  m_ObjectHideFlags: 0
  m_CorrespondingSourceObject: {fileID: 0}
  m_PrefabInstance: {fileID: 0}
  m_PrefabAsset: {fileID: 0}
  m_GameObject: {fileID: 4067749647960680721}
  m_LocalRotation: {x: -0, y: -0, z: -0, w: 1}
  m_LocalPosition: {x: 0, y: 0, z: 0}
  m_LocalScale: {x: 1, y: 1, z: 1}
  m_Children: []
  m_Father: {fileID: 1292641399457317537}
  m_RootOrder: 0
  m_LocalEulerAnglesHint: {x: 0, y: 0, z: 0}
--- !u!114 &3577192940694591179
MonoBehaviour:
  m_ObjectHideFlags: 0
  m_CorrespondingSourceObject: {fileID: 0}
  m_PrefabInstance: {fileID: 0}
  m_PrefabAsset: {fileID: 0}
  m_GameObject: {fileID: 4067749647960680721}
  m_Enabled: 1
  m_EditorHideFlags: 0
  m_Script: {fileID: 11500000, guid: 2684482f8fdb0ce458cfaf27066893e2, type: 3}
  m_Name: 
  m_EditorClassIdentifier: 
  id: 0
  playOnAwake: 0
  listDataSound:
  - {fileID: 11400000, guid: 0d2bd78bed6447d46b6b0f0d1d1e1713, type: 2}
--- !u!82 &4067749647960680727
AudioSource:
  m_ObjectHideFlags: 0
  m_CorrespondingSourceObject: {fileID: 0}
  m_PrefabInstance: {fileID: 0}
  m_PrefabAsset: {fileID: 0}
  m_GameObject: {fileID: 4067749647960680721}
  m_Enabled: 1
  serializedVersion: 4
  OutputAudioMixerGroup: {fileID: 0}
  m_audioClip: {fileID: 8300000, guid: a05a198020c15b34f92424b79dd09656, type: 3}
  m_PlayOnAwake: 0
  m_Volume: 0.09
  m_Pitch: 1
  Loop: 0
  Mute: 0
  Spatialize: 0
  SpatializePostEffects: 0
  Priority: 128
  DopplerLevel: 1
  MinDistance: 1
  MaxDistance: 500
  Pan2D: 0
  rolloffMode: 1
  BypassEffects: 0
  BypassListenerEffects: 0
  BypassReverbZones: 0
  rolloffCustomCurve:
    serializedVersion: 2
    m_Curve:
    - serializedVersion: 3
      time: 0
      value: 1
      inSlope: 0
      outSlope: 0
      tangentMode: 0
      weightedMode: 0
      inWeight: 0.33333334
      outWeight: 0.33333334
    - serializedVersion: 3
      time: 1
      value: 0
      inSlope: 0
      outSlope: 0
      tangentMode: 0
      weightedMode: 0
      inWeight: 0.33333334
      outWeight: 0.33333334
    m_PreInfinity: 2
    m_PostInfinity: 2
    m_RotationOrder: 4
  panLevelCustomCurve:
    serializedVersion: 2
    m_Curve:
    - serializedVersion: 3
      time: 0
      value: 0
      inSlope: 0
      outSlope: 0
      tangentMode: 0
      weightedMode: 0
      inWeight: 0.33333334
      outWeight: 0.33333334
    m_PreInfinity: 2
    m_PostInfinity: 2
    m_RotationOrder: 4
  spreadCustomCurve:
    serializedVersion: 2
    m_Curve:
    - serializedVersion: 3
      time: 0
      value: 0
      inSlope: 0
      outSlope: 0
      tangentMode: 0
      weightedMode: 0
      inWeight: 0.33333334
      outWeight: 0.33333334
    m_PreInfinity: 2
    m_PostInfinity: 2
    m_RotationOrder: 4
  reverbZoneMixCustomCurve:
    serializedVersion: 2
    m_Curve:
    - serializedVersion: 3
      time: 0
      value: 1
      inSlope: 0
      outSlope: 0
      tangentMode: 0
      weightedMode: 0
      inWeight: 0.33333334
      outWeight: 0.33333334
    m_PreInfinity: 2
    m_PostInfinity: 2
    m_RotationOrder: 4
--- !u!1 &4147287521851042903
GameObject:
  m_ObjectHideFlags: 0
  m_CorrespondingSourceObject: {fileID: 0}
  m_PrefabInstance: {fileID: 0}
  m_PrefabAsset: {fileID: 0}
  serializedVersion: 6
  m_Component:
  - component: {fileID: 4884326328474389252}
  - component: {fileID: 404287920245928033}
  - component: {fileID: 3341896102842020876}
  m_Layer: 0
  m_Name: audio_Run
  m_TagString: Untagged
  m_Icon: {fileID: 0}
  m_NavMeshLayer: 0
  m_StaticEditorFlags: 0
  m_IsActive: 1
--- !u!4 &4884326328474389252
Transform:
  m_ObjectHideFlags: 0
  m_CorrespondingSourceObject: {fileID: 0}
  m_PrefabInstance: {fileID: 0}
  m_PrefabAsset: {fileID: 0}
  m_GameObject: {fileID: 4147287521851042903}
  m_LocalRotation: {x: -0, y: -0, z: -0, w: 1}
  m_LocalPosition: {x: 0, y: 0, z: 0}
  m_LocalScale: {x: 1, y: 1, z: 1}
  m_Children: []
  m_Father: {fileID: 1292641399457317537}
  m_RootOrder: 1
  m_LocalEulerAnglesHint: {x: 0, y: 0, z: 0}
--- !u!114 &404287920245928033
MonoBehaviour:
  m_ObjectHideFlags: 0
  m_CorrespondingSourceObject: {fileID: 0}
  m_PrefabInstance: {fileID: 0}
  m_PrefabAsset: {fileID: 0}
  m_GameObject: {fileID: 4147287521851042903}
  m_Enabled: 1
  m_EditorHideFlags: 0
  m_Script: {fileID: 11500000, guid: 2684482f8fdb0ce458cfaf27066893e2, type: 3}
  m_Name: 
  m_EditorClassIdentifier: 
  id: 0
  playOnAwake: 0
  listDataSound:
  - {fileID: 11400000, guid: 6b7506a027f04dd4a8b42a6f8d2ab119, type: 2}
--- !u!82 &3341896102842020876
AudioSource:
  m_ObjectHideFlags: 0
  m_CorrespondingSourceObject: {fileID: 0}
  m_PrefabInstance: {fileID: 0}
  m_PrefabAsset: {fileID: 0}
  m_GameObject: {fileID: 4147287521851042903}
  m_Enabled: 0
  serializedVersion: 4
  OutputAudioMixerGroup: {fileID: 0}
  m_audioClip: {fileID: 8300000, guid: d920b02d32d4eb04da357a568d1f5225, type: 3}
  m_PlayOnAwake: 1
  m_Volume: 0.28
  m_Pitch: 1
  Loop: 1
  Mute: 0
  Spatialize: 0
  SpatializePostEffects: 0
  Priority: 128
  DopplerLevel: 1
  MinDistance: 1
  MaxDistance: 50
  Pan2D: 0
  rolloffMode: 1
  BypassEffects: 0
  BypassListenerEffects: 0
  BypassReverbZones: 0
  rolloffCustomCurve:
    serializedVersion: 2
    m_Curve:
    - serializedVersion: 3
      time: 0
      value: 0.6091194
      inSlope: -0.60939646
      outSlope: -0.60939646
      tangentMode: 0
      weightedMode: 0
      inWeight: 0
      outWeight: 0.1197183
    - serializedVersion: 3
      time: 1
      value: 0
      inSlope: -0.5358487
      outSlope: -0.5358487
      tangentMode: 0
      weightedMode: 0
      inWeight: 0.12910807
      outWeight: 0
    m_PreInfinity: 2
    m_PostInfinity: 2
    m_RotationOrder: 4
  panLevelCustomCurve:
    serializedVersion: 2
    m_Curve:
    - serializedVersion: 3
      time: 0
      value: 1
      inSlope: 0
      outSlope: 0
      tangentMode: 0
      weightedMode: 0
      inWeight: 0.33333334
      outWeight: 0.33333334
    m_PreInfinity: 2
    m_PostInfinity: 2
    m_RotationOrder: 4
  spreadCustomCurve:
    serializedVersion: 2
    m_Curve:
    - serializedVersion: 3
      time: 0
      value: 0
      inSlope: 0
      outSlope: 0
      tangentMode: 0
      weightedMode: 0
      inWeight: 0.33333334
      outWeight: 0.33333334
    m_PreInfinity: 2
    m_PostInfinity: 2
    m_RotationOrder: 4
  reverbZoneMixCustomCurve:
    serializedVersion: 2
    m_Curve:
    - serializedVersion: 3
      time: 0
      value: 1
      inSlope: 0
      outSlope: 0
      tangentMode: 0
      weightedMode: 0
      inWeight: 0.33333334
      outWeight: 0.33333334
    m_PreInfinity: 2
    m_PostInfinity: 2
    m_RotationOrder: 4
--- !u!1001 &795264993259870518
PrefabInstance:
  m_ObjectHideFlags: 0
  serializedVersion: 2
  m_Modification:
    m_TransformParent: {fileID: 1292641401391874997}
    m_Modifications:
    - target: {fileID: 1009070154527728900, guid: 879f818dfbfe6db40933b21bf5749f1d,
        type: 3}
      propertyPath: m_Name
      value: Character_Ragdoll
      objectReference: {fileID: 0}
    - target: {fileID: 1683595775063822507, guid: 879f818dfbfe6db40933b21bf5749f1d,
        type: 3}
      propertyPath: m_Materials.Array.data[0]
      value: 
      objectReference: {fileID: -3846018093981099296, guid: 3b6d30ac081261b4c8ca581d0b4fc3b8,
        type: 3}
    - target: {fileID: 2013462282098158322, guid: 879f818dfbfe6db40933b21bf5749f1d,
        type: 3}
      propertyPath: m_Mesh
      value: 
      objectReference: {fileID: 0}
    - target: {fileID: 2324427161126642593, guid: 879f818dfbfe6db40933b21bf5749f1d,
        type: 3}
      propertyPath: m_ConnectedAnchor.x
      value: -5.782105e-10
      objectReference: {fileID: 0}
    - target: {fileID: 2993210292845482871, guid: 879f818dfbfe6db40933b21bf5749f1d,
        type: 3}
      propertyPath: m_ConnectedAnchor.x
      value: 0.2437562
      objectReference: {fileID: 0}
    - target: {fileID: 4061039795500226327, guid: 879f818dfbfe6db40933b21bf5749f1d,
        type: 3}
      propertyPath: m_LocalPosition.x
      value: 0
      objectReference: {fileID: 0}
    - target: {fileID: 4061039795500226327, guid: 879f818dfbfe6db40933b21bf5749f1d,
        type: 3}
      propertyPath: m_LocalPosition.y
      value: 0
      objectReference: {fileID: 0}
    - target: {fileID: 4061039795500226327, guid: 879f818dfbfe6db40933b21bf5749f1d,
        type: 3}
      propertyPath: m_LocalPosition.z
      value: 0
      objectReference: {fileID: 0}
    - target: {fileID: 4061039795500226327, guid: 879f818dfbfe6db40933b21bf5749f1d,
        type: 3}
      propertyPath: m_LocalRotation.x
      value: 0
      objectReference: {fileID: 0}
    - target: {fileID: 4061039795500226327, guid: 879f818dfbfe6db40933b21bf5749f1d,
        type: 3}
      propertyPath: m_LocalRotation.y
      value: 0
      objectReference: {fileID: 0}
    - target: {fileID: 4061039795500226327, guid: 879f818dfbfe6db40933b21bf5749f1d,
        type: 3}
      propertyPath: m_LocalRotation.z
      value: 0
      objectReference: {fileID: 0}
    - target: {fileID: 4061039795500226327, guid: 879f818dfbfe6db40933b21bf5749f1d,
        type: 3}
      propertyPath: m_LocalRotation.w
      value: 1
      objectReference: {fileID: 0}
    - target: {fileID: 4061039795500226327, guid: 879f818dfbfe6db40933b21bf5749f1d,
        type: 3}
      propertyPath: m_RootOrder
      value: 1
      objectReference: {fileID: 0}
    - target: {fileID: 4061039795500226327, guid: 879f818dfbfe6db40933b21bf5749f1d,
        type: 3}
      propertyPath: m_LocalEulerAnglesHint.x
      value: 0
      objectReference: {fileID: 0}
    - target: {fileID: 4061039795500226327, guid: 879f818dfbfe6db40933b21bf5749f1d,
        type: 3}
      propertyPath: m_LocalEulerAnglesHint.y
      value: 0
      objectReference: {fileID: 0}
    - target: {fileID: 4061039795500226327, guid: 879f818dfbfe6db40933b21bf5749f1d,
        type: 3}
      propertyPath: m_LocalEulerAnglesHint.z
      value: 0
      objectReference: {fileID: 0}
    - target: {fileID: 4062395985912036184, guid: 879f818dfbfe6db40933b21bf5749f1d,
        type: 3}
      propertyPath: m_ConnectedAnchor.x
      value: -0.0000024023464
      objectReference: {fileID: 0}
    - target: {fileID: 4062395985912036184, guid: 879f818dfbfe6db40933b21bf5749f1d,
        type: 3}
      propertyPath: m_ConnectedAnchor.y
      value: 0.34592634
      objectReference: {fileID: 0}
    - target: {fileID: 4062395985912036184, guid: 879f818dfbfe6db40933b21bf5749f1d,
        type: 3}
      propertyPath: m_ConnectedAnchor.z
      value: 0.0000013187529
      objectReference: {fileID: 0}
    - target: {fileID: 4100798416705888347, guid: 879f818dfbfe6db40933b21bf5749f1d,
        type: 3}
      propertyPath: m_ConnectedAnchor.x
      value: -0.24375655
      objectReference: {fileID: 0}
    - target: {fileID: 4432914011069344025, guid: 879f818dfbfe6db40933b21bf5749f1d,
        type: 3}
      propertyPath: m_ConnectedAnchor.x
      value: 0.18700233
      objectReference: {fileID: 0}
    - target: {fileID: 4881939865733998292, guid: 879f818dfbfe6db40933b21bf5749f1d,
        type: 3}
      propertyPath: m_ConnectedAnchor.x
      value: -0.1870022
      objectReference: {fileID: 0}
    - target: {fileID: 6764097614069589493, guid: 879f818dfbfe6db40933b21bf5749f1d,
        type: 3}
      propertyPath: m_ConnectedAnchor.x
      value: 1.5053659e-16
      objectReference: {fileID: 0}
    - target: {fileID: 6855659199351125288, guid: 879f818dfbfe6db40933b21bf5749f1d,
        type: 3}
      propertyPath: m_Mesh
      value: 
      objectReference: {fileID: 0}
    - target: {fileID: 7242092985183688768, guid: 879f818dfbfe6db40933b21bf5749f1d,
        type: 3}
      propertyPath: m_ConnectedAnchor.x
      value: 0.0000000027939207
      objectReference: {fileID: 0}
    - target: {fileID: 8568130004519584831, guid: 879f818dfbfe6db40933b21bf5749f1d,
        type: 3}
      propertyPath: isUser
      value: 0
      objectReference: {fileID: 0}
    - target: {fileID: 9016491107183082560, guid: 879f818dfbfe6db40933b21bf5749f1d,
        type: 3}
      propertyPath: m_ConnectedAnchor.x
      value: -0.0000027395977
      objectReference: {fileID: 0}
    - target: {fileID: 9016491107183082560, guid: 879f818dfbfe6db40933b21bf5749f1d,
        type: 3}
      propertyPath: m_ConnectedAnchor.y
      value: 0.37784335
      objectReference: {fileID: 0}
    - target: {fileID: 9016491107183082560, guid: 879f818dfbfe6db40933b21bf5749f1d,
        type: 3}
      propertyPath: m_ConnectedAnchor.z
      value: -0.0000034069253
      objectReference: {fileID: 0}
    - target: {fileID: 9016491107183082565, guid: 879f818dfbfe6db40933b21bf5749f1d,
        type: 3}
      propertyPath: m_ConnectedAnchor.z
      value: 0.006385021
      objectReference: {fileID: 0}
    - target: {fileID: 9016491107183082565, guid: 879f818dfbfe6db40933b21bf5749f1d,
        type: 3}
      propertyPath: m_ConnectedAnchor.x
      value: 0.18700233
      objectReference: {fileID: 0}
    - target: {fileID: 9016491107183082573, guid: 879f818dfbfe6db40933b21bf5749f1d,
        type: 3}
      propertyPath: m_ConnectedAnchor.z
      value: 0.0050422475
      objectReference: {fileID: 0}
    - target: {fileID: 9016491107183082573, guid: 879f818dfbfe6db40933b21bf5749f1d,
        type: 3}
      propertyPath: m_ConnectedAnchor.x
      value: -0.1870022
      objectReference: {fileID: 0}
    - target: {fileID: 9016491107183082592, guid: 879f818dfbfe6db40933b21bf5749f1d,
        type: 3}
      propertyPath: m_ConnectedAnchor.y
      value: 0.11549397
      objectReference: {fileID: 0}
    - target: {fileID: 9016491107183082592, guid: 879f818dfbfe6db40933b21bf5749f1d,
        type: 3}
      propertyPath: m_ConnectedAnchor.z
      value: -0.005172613
      objectReference: {fileID: 0}
    - target: {fileID: 9016491107183082592, guid: 879f818dfbfe6db40933b21bf5749f1d,
        type: 3}
      propertyPath: m_ConnectedAnchor.x
      value: 0.2437562
      objectReference: {fileID: 0}
    - target: {fileID: 9016491107183082599, guid: 879f818dfbfe6db40933b21bf5749f1d,
        type: 3}
      propertyPath: m_ConnectedAnchor.x
      value: -0.0000022844179
      objectReference: {fileID: 0}
    - target: {fileID: 9016491107183082599, guid: 879f818dfbfe6db40933b21bf5749f1d,
        type: 3}
      propertyPath: m_ConnectedAnchor.y
      value: 0.3459619
      objectReference: {fileID: 0}
    - target: {fileID: 9016491107183082599, guid: 879f818dfbfe6db40933b21bf5749f1d,
        type: 3}
      propertyPath: m_ConnectedAnchor.z
      value: 0.0000014603138
      objectReference: {fileID: 0}
    - target: {fileID: 9016491107183082605, guid: 879f818dfbfe6db40933b21bf5749f1d,
        type: 3}
      propertyPath: m_ConnectedAnchor.z
      value: -0.03205195
      objectReference: {fileID: 0}
    - target: {fileID: 9016491107183082605, guid: 879f818dfbfe6db40933b21bf5749f1d,
        type: 3}
      propertyPath: m_ConnectedAnchor.x
      value: 1.5053659e-16
      objectReference: {fileID: 0}
    - target: {fileID: 9016491107183082608, guid: 879f818dfbfe6db40933b21bf5749f1d,
        type: 3}
      propertyPath: m_ConnectedAnchor.x
      value: -0.0000024023464
      objectReference: {fileID: 0}
    - target: {fileID: 9016491107183082608, guid: 879f818dfbfe6db40933b21bf5749f1d,
        type: 3}
      propertyPath: m_ConnectedAnchor.y
      value: 0.34592634
      objectReference: {fileID: 0}
    - target: {fileID: 9016491107183082608, guid: 879f818dfbfe6db40933b21bf5749f1d,
        type: 3}
      propertyPath: m_ConnectedAnchor.z
      value: 0.0000013187529
      objectReference: {fileID: 0}
    - target: {fileID: 9016491107183082612, guid: 879f818dfbfe6db40933b21bf5749f1d,
        type: 3}
      propertyPath: m_ConnectedAnchor.x
      value: -5.782105e-10
      objectReference: {fileID: 0}
    - target: {fileID: 9016491107183082612, guid: 879f818dfbfe6db40933b21bf5749f1d,
        type: 3}
      propertyPath: m_ConnectedAnchor.y
      value: 0.32776272
      objectReference: {fileID: 0}
    - target: {fileID: 9016491107183082612, guid: 879f818dfbfe6db40933b21bf5749f1d,
        type: 3}
      propertyPath: m_ConnectedAnchor.z
      value: 0.003848999
      objectReference: {fileID: 0}
    - target: {fileID: 9016491107183082616, guid: 879f818dfbfe6db40933b21bf5749f1d,
        type: 3}
      propertyPath: m_ConnectedAnchor.x
      value: 0.0000000027939207
      objectReference: {fileID: 0}
    - target: {fileID: 9016491107183082616, guid: 879f818dfbfe6db40933b21bf5749f1d,
        type: 3}
      propertyPath: m_ConnectedAnchor.y
      value: 0.37785807
      objectReference: {fileID: 0}
    - target: {fileID: 9016491107183082616, guid: 879f818dfbfe6db40933b21bf5749f1d,
        type: 3}
      propertyPath: m_ConnectedAnchor.z
      value: 0.0000011799824
      objectReference: {fileID: 0}
    - target: {fileID: 9016491107183082621, guid: 879f818dfbfe6db40933b21bf5749f1d,
        type: 3}
      propertyPath: m_ConnectedAnchor.y
      value: 0.11552729
      objectReference: {fileID: 0}
    - target: {fileID: 9016491107183082621, guid: 879f818dfbfe6db40933b21bf5749f1d,
        type: 3}
      propertyPath: m_ConnectedAnchor.z
      value: -0.0056138644
      objectReference: {fileID: 0}
    - target: {fileID: 9016491107183082621, guid: 879f818dfbfe6db40933b21bf5749f1d,
        type: 3}
      propertyPath: m_ConnectedAnchor.x
      value: -0.24375655
      objectReference: {fileID: 0}
    m_RemovedComponents: []
  m_SourcePrefab: {fileID: 100100000, guid: 879f818dfbfe6db40933b21bf5749f1d, type: 3}
--- !u!4 &3698281444922805793 stripped
Transform:
  m_CorrespondingSourceObject: {fileID: 4061039795500226327, guid: 879f818dfbfe6db40933b21bf5749f1d,
    type: 3}
  m_PrefabInstance: {fileID: 795264993259870518}
  m_PrefabAsset: {fileID: 0}
--- !u!95 &6762415014887187291 stripped
Animator:
  m_CorrespondingSourceObject: {fileID: 6255981386160716397, guid: 879f818dfbfe6db40933b21bf5749f1d,
    type: 3}
  m_PrefabInstance: {fileID: 795264993259870518}
  m_PrefabAsset: {fileID: 0}
--- !u!114 &8514155905901880659 stripped
MonoBehaviour:
  m_CorrespondingSourceObject: {fileID: 9016491107183082597, guid: 879f818dfbfe6db40933b21bf5749f1d,
    type: 3}
  m_PrefabInstance: {fileID: 795264993259870518}
  m_PrefabAsset: {fileID: 0}
  m_GameObject: {fileID: 0}
  m_Enabled: 1
  m_EditorHideFlags: 0
  m_Script: {fileID: 11500000, guid: 5058f48ad86b4214a9fdc839b4d7b4e1, type: 3}
  m_Name: 
  m_EditorClassIdentifier: 
--- !u!114 &7762612808441383039 stripped
MonoBehaviour:
  m_CorrespondingSourceObject: {fileID: 6967928943634878793, guid: 879f818dfbfe6db40933b21bf5749f1d,
    type: 3}
  m_PrefabInstance: {fileID: 795264993259870518}
  m_PrefabAsset: {fileID: 0}
  m_GameObject: {fileID: 0}
  m_Enabled: 1
  m_EditorHideFlags: 0
  m_Script: {fileID: 11500000, guid: e0662b25a9954df48ac57bda0bf4142e, type: 3}
  m_Name: 
  m_EditorClassIdentifier: 
--- !u!1001 &4609512914574335571
PrefabInstance:
  m_ObjectHideFlags: 0
  serializedVersion: 2
  m_Modification:
    m_TransformParent: {fileID: 1292641401391874997}
    m_Modifications:
    - target: {fileID: 187428, guid: c7e749d105c6b2b47bdcb905f8a75643, type: 3}
      propertyPath: m_Name
      value: Effect_Blood
      objectReference: {fileID: 0}
    - target: {fileID: 187428, guid: c7e749d105c6b2b47bdcb905f8a75643, type: 3}
      propertyPath: m_IsActive
      value: 0
      objectReference: {fileID: 0}
    - target: {fileID: 457722, guid: c7e749d105c6b2b47bdcb905f8a75643, type: 3}
      propertyPath: m_LocalPosition.x
      value: 0
      objectReference: {fileID: 0}
    - target: {fileID: 457722, guid: c7e749d105c6b2b47bdcb905f8a75643, type: 3}
      propertyPath: m_LocalPosition.y
      value: 1.918
      objectReference: {fileID: 0}
    - target: {fileID: 457722, guid: c7e749d105c6b2b47bdcb905f8a75643, type: 3}
      propertyPath: m_LocalPosition.z
      value: 0.159
      objectReference: {fileID: 0}
    - target: {fileID: 457722, guid: c7e749d105c6b2b47bdcb905f8a75643, type: 3}
      propertyPath: m_LocalRotation.x
      value: 0
      objectReference: {fileID: 0}
    - target: {fileID: 457722, guid: c7e749d105c6b2b47bdcb905f8a75643, type: 3}
      propertyPath: m_LocalRotation.y
      value: 0
      objectReference: {fileID: 0}
    - target: {fileID: 457722, guid: c7e749d105c6b2b47bdcb905f8a75643, type: 3}
      propertyPath: m_LocalRotation.z
      value: 0
      objectReference: {fileID: 0}
    - target: {fileID: 457722, guid: c7e749d105c6b2b47bdcb905f8a75643, type: 3}
      propertyPath: m_LocalRotation.w
      value: 1
      objectReference: {fileID: 0}
    - target: {fileID: 457722, guid: c7e749d105c6b2b47bdcb905f8a75643, type: 3}
      propertyPath: m_RootOrder
      value: 2
      objectReference: {fileID: 0}
    - target: {fileID: 457722, guid: c7e749d105c6b2b47bdcb905f8a75643, type: 3}
      propertyPath: m_LocalEulerAnglesHint.x
      value: 0
      objectReference: {fileID: 0}
    - target: {fileID: 457722, guid: c7e749d105c6b2b47bdcb905f8a75643, type: 3}
      propertyPath: m_LocalEulerAnglesHint.y
      value: 0
      objectReference: {fileID: 0}
    - target: {fileID: 457722, guid: c7e749d105c6b2b47bdcb905f8a75643, type: 3}
      propertyPath: m_LocalEulerAnglesHint.z
      value: 0
      objectReference: {fileID: 0}
    - target: {fileID: 457722, guid: c7e749d105c6b2b47bdcb905f8a75643, type: 3}
      propertyPath: m_LocalScale.x
      value: 1
      objectReference: {fileID: 0}
    - target: {fileID: 457722, guid: c7e749d105c6b2b47bdcb905f8a75643, type: 3}
      propertyPath: m_LocalScale.y
      value: 1
      objectReference: {fileID: 0}
    - target: {fileID: 457722, guid: c7e749d105c6b2b47bdcb905f8a75643, type: 3}
      propertyPath: m_LocalScale.z
      value: 1
      objectReference: {fileID: 0}
    m_RemovedComponents: []
  m_SourcePrefab: {fileID: 100100000, guid: c7e749d105c6b2b47bdcb905f8a75643, type: 3}
--- !u!1 &4609512914574213751 stripped
GameObject:
  m_CorrespondingSourceObject: {fileID: 187428, guid: c7e749d105c6b2b47bdcb905f8a75643,
    type: 3}
  m_PrefabInstance: {fileID: 4609512914574335571}
  m_PrefabAsset: {fileID: 0}
--- !u!4 &4609512914573960617 stripped
Transform:
  m_CorrespondingSourceObject: {fileID: 457722, guid: c7e749d105c6b2b47bdcb905f8a75643,
    type: 3}
  m_PrefabInstance: {fileID: 4609512914574335571}
  m_PrefabAsset: {fileID: 0}
